@article{johnson1954some,
  title={Some properties of germanium-silicon alloys},
  author={Johnson, Everett R and Christian, Schuyler M},
  journal={Physical Review},
  volume={95},
  number={2},
  pages={560},
  year={1954},
  publisher={APS}
}

@article{dismukes1964thermal,
  title={Thermal and electrical properties of heavily doped Ge-Si alloys up to 1300 K},
  author={Dismukes, JP and Ekstrom, L and Steigmeier, EF and Kudman, I and Beers, DS},
  journal={Journal of Applied Physics},
  volume={35},
  number={10},
  pages={2899--2907},
  year={1964},
  publisher={AIP}
}


@article{rose1984universal,
  title={Universal features of the equation of state of metals},
  author={Rose, James H and Smith, John R and Guinea, Francisco and Ferrante, John},
  journal={Physical Review B},
  volume={29},
  number={6},
  pages={2963},
  year={1984},
  publisher={APS}
}

@article{stillinger1985computer,
  title={Computer simulation of local order in condensed phases of silicon},
  author={Stillinger, Frank H and Weber, Thomas A},
  journal={Physical review B},
  volume={31},
  number={8},
  pages={5262},
  year={1985},
  publisher={APS}
}


@article{tersoff1988empirical,
  title={Empirical interatomic potential for silicon with improved elastic properties},
  author={Tersoff, Jerry},
  journal={Physical Review B},
  volume={38},
  number={14},
  pages={9902},
  year={1988},
  publisher={APS}
}

@article{hu1991stress,
  title={Stress-related problems in silicon technology},
  author={Hu, SM},
  journal={Journal of Applied Physics},
  volume={70},
  number={6},
  pages={R53--R80},
  year={1991},
  publisher={AIP}
}

@article{baskes1992modified,
  title={Modified embedded-atom potentials for cubic materials and impurities},
  author={Baskes, MI},
  journal={Physical Review B},
  volume={46},
  number={5},
  pages={2727},
  year={1992},
  publisher={APS}
}

@article{fahey1992stress,
  title={Stress-induced dislocations in silicon integrated circuits},
  author={Fahey, Paul M and Mader, Siegfried R and Stiffler, Scott R and Mohler, Rick L and Mis, J Daniel and Slinkman, James A},
  journal={IBM Journal of research and development},
  volume={36},
  number={2},
  pages={158--182},
  year={1992},
  publisher={IBM}
}


@article{cook1993comparison,
  title={Comparison of semi-empirical potential functions for silicon and germanium},
  author={Cook, Stephen J and Clancy, Paulette},
  journal={Physical Review B},
  volume={47},
  number={13},
  pages={7686},
  year={1993},
  publisher={APS}
}


@article{plimpton1995fast,
  title={Fast parallel algorithms for short-range molecular dynamics},
  author={Plimpton, Steve},
  journal={Journal of computational physics},
  volume={117},
  number={1},
  pages={1--19},
  year={1995},
  publisher={Elsevier}
}

@article{baskes1997determination,
  title={Determination of modified embedded atom method parameters for nickel},
  author={Baskes, MI},
  journal={Materials Chemistry and Physics},
  volume={50},
  number={2},
  pages={152--158},
  year={1997},
  publisher={Elsevier}
}

@article{rabier2001plastic,
  title={Plastic deformation of Si at low temperature under high confining pressure},
  author={Rabier, J and Cordier, P and Demenet, JL and Garem, H},
  journal={Materials Science and Engineering: A},
  volume={309},
  pages={74--77},
  year={2001},
  publisher={Elsevier}
}

@article{lee2001second,
  title={Second nearest-neighbor modified embedded atom method potentials for bcc transition metals},
  author={Lee, Byeong-Joo and Baskes, MI and Kim, Hanchul and Cho, Yang Koo},
  journal={Physical Review B},
  volume={64},
  number={18},
  pages={184102},
  year={2001},
  publisher={APS}
}

@article{lee2003semiempirical,
  title={Semiempirical atomic potentials for the fcc metals Cu, Ag, Au, Ni, Pd, Pt, Al, and Pb based on first and second nearest-neighbor modified embedded atom method},
  author={Lee, Byeong-Joo and Shim, Jae-Hyeok and Baskes, MI},
  journal={Physical Review B},
  volume={68},
  number={14},
  pages={144112},
  year={2003},
  publisher={APS}
}

@article{rabier2004plastic,
  title={Plastic deformation by shuffle dislocations in silicon},
  author={Rabier, J and Denanot, MF and Demenet, JL and Cordier, P},
  journal={Materials Science and Engineering: A},
  volume={387},
  pages={124--128},
  year={2004},
  publisher={Elsevier}
}

@article{weinan2002string,
  title={String method for the study of rare events},
  author={Weinan, E and Ren, Weiqing and Vanden-Eijnden, Eric},
  journal={Physical Review B},
  volume={66},
  number={5},
  pages={052301},
  year={2002},
  publisher={APS}
}
@article{pizzagalli2003undissociated,
  title={Undissociated screw dislocations in silicon: calculations of core structure and energy},
  author={Pizzagalli, Laurent and Beauchamp, Pierre and Rabier, Jacques},
  journal={Philosophical Magazine},
  volume={83},
  number={10},
  pages={1191--1204},
  year={2003},
  publisher={Taylor \& Francis}
}


@article{godet2004theoretical,
  title={Theoretical study of dislocation nucleation from simple surface defects in semiconductors},
  author={Godet, Julien and Pizzagalli, Laurent and Brochard, Sandrine and Beauchamp, Pierre},
  journal={Physical Review B},
  volume={70},
  number={5},
  pages={054109},
  year={2004},
  publisher={APS}
}

@article{godet2006dislocation,
  title={Dislocation formation from a surface step in semiconductors: an ab initio study},
  author={Godet, Julien and Brochard, Sandrine and Pizzagalli, Laurent and Beauchamp, Pierre and Soler, Jose M},
  journal={Physical Review B},
  volume={73},
  number={9},
  pages={092105},
  year={2006},
  publisher={APS}
}

@article{kim2006modified,
  title={Modified embedded-atom method interatomic potentials for Ti and Zr},
  author={Kim, Young-Min and Lee, Byeong-Joo and Baskes, MI},
  journal={Physical Review B},
  volume={74},
  number={1},
  pages={014101},
  year={2006},
  publisher={APS}
}

@article{kang2007brittle,
  title={Brittle and ductile fracture of semiconductor nanowires--molecular dynamics simulations},
  author={Kang, Keonwook and Cai, Wei},
  journal={Philosophical Magazine},
  volume={87},
  number={14-15},
  pages={2169--2189},
  year={2007},
  publisher={Taylor \& Francis}
}

@article{read2007multiscale,
  title={Multiscale model of near-spherical germanium quantum dots in silicon},
  author={Read, DT and Tewary, VK},
  journal={Nanotechnology},
  volume={18},
  number={10},
  pages={105402},
  year={2007},
  publisher={IOP Publishing}
}

@article{izumi2008dislocation,
  title={Dislocation nucleation from a sharp corner in silicon},
  author={Izumi, Satoshi and Yip, Sidney},
  journal={Journal of Applied Physics},
  volume={104},
  number={3},
  pages={033513},
  year={2008},
  publisher={AIP}
}

@article{ryu2008comparison,
  title={Comparison of thermal properties predicted by interatomic potential models},
  author={Ryu, Seunghwa and Cai, Wei},
  journal={Modelling and Simulation in Materials Science and Engineering},
  volume={16},
  number={8},
  pages={085005},
  year={2008},
  publisher={IOP Publishing}
}


@article{yang2009atomistic,
  title={Atomistic simulation on size-dependent yield strength and defects evolution of metal nanowires},
  author={Yang, Zhenyu and Lu, Zixing and Zhao, Ya-Pu},
  journal={Computational Materials Science},
  volume={46},
  number={1},
  pages={142--150},
  year={2009},
  publisher={Elsevier}
}

@article{ryu2009improved,
  title={Improved modified embedded-atom method potentials for gold and silicon},
  author={Ryu, Seunghwa and Weinberger, Christopher R and Baskes, Michael I and Cai, Wei},
  journal={Modelling and Simulation in Materials Science and Engineering},
  volume={17},
  number={7},
  pages={075008},
  year={2009},
  publisher={IOP Publishing}
}

@misc{godet2009evidence,
  title={Evidence of two plastic regimes controlled by dislocation nucleation in silicon nanostructures},
  author={Godet, Julien and Hirel, Pierre and Brochard, Sandrine and Pizzagalli, Laurent},
  year={2009},
  publisher={AIP}
}

@article{godet2009dislocation,
  title={Dislocation nucleation from surface step in silicon: The glide set versus the shuffle set},
  author={Godet, Julien and Hirel, Pierre and Brochard, Sandrine and Pizzagalli, Laurent},
  journal={physica status solidi (a)},
  volume={206},
  number={8},
  pages={1885--1891},
  year={2009},
  publisher={Wiley Online Library}
}

@article{swadener2009strain,
  title={Strain distributions and electronic property modifications in Si/Ge axial nanowire heterostructures},
  author={Swadener, J Greg and Picraux, Samuel T},
  journal={Journal of applied physics},
  volume={105},
  number={4},
  pages={044310},
  year={2009},
  publisher={AIP}
}

@article{li2010dislocation,
  title={Dislocation nucleation from interacting surface corners in silicon},
  author={Li, Z and Picu, RC},
  journal={Journal of Applied Physics},
  volume={108},
  number={3},
  pages={033522},
  year={2010},
  publisher={AIP}
}

@article{kang2010size,
  title={Size and temperature effects on the fracture mechanisms of silicon nanowires: molecular dynamics simulations},
  author={Kang, Keonwook and Cai, Wei},
  journal={International Journal of Plasticity},
  volume={26},
  number={9},
  pages={1387--1401},
  year={2010},
  publisher={Elsevier}
}

@article{shima2010reaction,
  title={Reaction pathway analysis for dislocation nucleation from a sharp corner in silicon: Glide set versus shuffle set},
  author={Shima, Koichi and Izumi, Satoshi and Sakai, Shinsuke},
  journal={Journal of Applied Physics},
  volume={108},
  number={6},
  pages={063504},
  year={2010},
  publisher={AIP}
}

@article{grochola2010modified,
  title={A modified embedded atom method interatomic potential for alloy SiGe},
  author={Grochola, Gregory and Russo, Salvy P and Snook, Ian K},
  journal={Chemical Physics Letters},
  volume={493},
  number={1},
  pages={57--60},
  year={2010},
  publisher={Elsevier}
}

@article{guenole2011unexpected,
  title={Unexpected slip mechanism induced by the reduced dimensions in silicon nanostructures: Atomistic study},
  author={Gu{\'e}nol{\'e}, Julien and Brochard, Sandrine and Godet, Julien},
  journal={Acta Materialia},
  volume={59},
  number={20},
  pages={7464--7472},
  year={2011},
  publisher={Elsevier}
}

@article{ryu2011entropic,
  title={Entropic effect on the rate of dislocation nucleation},
  author={Ryu, Seunghwa and Kang, Keonwook and Cai, Wei},
  journal={Proceedings of the National Academy of Sciences},
  volume={108},
  number={13},
  pages={5174--5178},
  year={2011},
  publisher={National Acad Sciences}
}

@article{thaulow2011atomistic,
  title={Atomistic study of the effect of crack tip ledges on the nucleation of dislocations in silicon single crystals at elevated temperature},
  author={Thaulow, Christian and Sen, Dipanjan and Buehler, Markus J},
  journal={Materials Science and Engineering: A},
  volume={528},
  number={13},
  pages={4357--4364},
  year={2011},
  publisher={Elsevier}
}

@article{grydlik2012misfit,
  title={Misfit dislocation gettering by substrate pit-patterning in SiGe films on Si (001)},
  author={Grydlik, Martyna and Boioli, Francesca and Groiss, Heiko and Gatti, Riccardo and Brehm, Moritz and Montalenti, Francesco and Devincre, Benoit and Sch{\"a}ffler, Friedrich and Miglio, Leo},
  journal={Applied Physics Letters},
  volume={101},
  number={1},
  pages={013119},
  year={2012},
  publisher={AIP}
}

@article{pizzagalli2013new,
  title={A new parametrization of the Stillinger--Weber potential for an improved description of defects and plasticity of silicon},
  author={Pizzagalli, L and Godet, J and Gu{\'e}nol{\'e}, J and Brochard, S and Holmstrom, E and Nordlund, K and Albaret, T},
  journal={Journal of Physics: Condensed Matter},
  volume={25},
  number={5},
  pages={055801},
  year={2013},
  publisher={IOP Publishing}
}

@article{wang2016ge,
  title={Au--Ge MEAM potential fitted to the binary phase diagram},
  author={Wang, Yanming and Santana, Adriano and Cai, Wei},
  journal={Modelling and Simulation in Materials Science and Engineering},
  volume={25},
  number={2},
  pages={025004},
  year={2016},
  publisher={IOP Publishing}
}



@Article{our_NS_paper,
        author = {L. B. P\'artay and A. P. Bart\'ok and G. Cs\'anyi},
        journal = {J. Phys. Chem. B},
        title = {Efficient Sampling of Atomic Configurational Spaces},
        pages = {10502--10512},
        volume = 114,
        year = 2010
}
@Article{our_NSHS_paper,
        author = {L. B. P\'artay and A. P. Bart\'ok and G. Cs\'anyi},
        journal = {Phys. Rev. E},
        title = {Nested sampling for materials: The case of hard spheres},
        pages = 022302,
        volume = 89,
        year = 2014
}
@Article{diffns,
        author = {B. J. Brewer and L. B. P\'artay and G. Cs\'anyi},
        journal = {Statistics and Computing},
        title = {Diffusive nested sampling},
        pages = {649--656},
        volume = 21,
        year = 2010
}
@Article{Frenkel_NS,
        author = {S. Martiniani and J. D. Stevenson and D. J. Wales and D. Frenkel},
        journal = {Phys. Rev. X},
        title = {Superposition Enhanced Nested Sampling},
        pages = 031034,
        volume = 4,
        year = 2014
}
@article{pt_phase_dias_ns,
  title = {Determining pressure-temperature phase diagrams of materials},
  author = {Baldock, Robert J. N. and P\'artay, L\'{\i}via B. and Bart\'ok, Albert P. and Payne, Michael C. and Cs\'anyi, G\'abor},
  journal = {Phys. Rev. B},
  volume = {93},
  issue = {17},
  pages = {174108},
  numpages = {9},
  year = {2016},
  month = {May},
  publisher = {American Physical Society},
  doi = {10.1103/PhysRevB.93.174108},
  url = {http://link.aps.org/doi/10.1103/PhysRevB.93.174108}
}
@misc{pymatnest,
  author = {Bernstein, Noam and Baldock, Robert J. N. and P\'artay, L\'{\i}via B. and Kermode, James R. and Daff, Thomas D. and Bart\'ok, Albert P. and Cs\'anyi, G\'abor },
  title = {pymatnest},
  year = {2016},
  publisher = {GitHub},
  journal = {GitHub repository},
  howpublished = {\url{https://github.com/libAtoms/pymatnest}}
}
@article{pymatnest_paper,
  title={Constant Pressure Nested Sampling with Atomistic Dynamics},
  author={R.J.N. Baldock and N. Bernstein and K. M. Salerno and L. B. P\'artay and G. Cs\'anyi},
  journal={Phys. Rev. E.},
  volume={},
  pages={},
  year={2017},
}
@InProceedings{bib:skilling,
        author = {Skilling, J.},
        title = {Bayesian inference and maximum entropy methods in science and engineering},
        booktitle = {AIP Conference Proceedings},
        volume = 735,
        pages = 395,
        year = 2004
}
@Article{bib:skilling2,
        author = {Skilling, J.},
        volume = 1,
        title = {Nested sampling for general Bayesian computation},
        journal = {J. of Bayesian Analysis},
        pages = 833,
        year = 2006
}


